
@article{iandola2016squeezenet,
  title={SqueezeNet: AlexNet-level accuracy with 50x fewer parameters and< 0.5 MB model size},
  author={Iandola, Forrest N},
  journal={arXiv preprint arXiv:1602.07360},
  year={2016}
}

@article{howard2017mobilenets,
  title={Mobilenets: Efficient convolutional neural networks for mobile vision applications},
  author={Howard, Andrew G},
  journal={arXiv preprint arXiv:1704.04861},
  year={2017}
}

@inproceedings{zhang2018shufflenet,
  title={Shufflenet: An extremely efficient convolutional neural network for mobile devices},
  author={Zhang, Xiangyu and Zhou, Xinyu and Lin, Mengxiao and Sun, Jian},
  booktitle={Proceedings of the IEEE conference on computer vision and pattern recognition},
  pages={6848--6856},
  year={2018}
}

@article{deng2019retinaface,
  title={Retinaface: Single-stage dense face localisation in the wild},
  author={Deng, Jiankang and Guo, Jia and Zhou, Yuxiang and Yu, Jinke and Kotsia, Irene and Zafeiriou, Stefanos},
  journal={arXiv preprint arXiv:1905.00641},
  year={2019}
}

@article{bazarevsky2019blazeface,
  title={Blazeface: Sub-millisecond neural face detection on mobile gpus},
  author={Bazarevsky, Valentin and Kartynnik, Yury and Vakunov, Andrey and Raveendran, Karthik and Grundmann, Matthias},
  journal={arXiv preprint arXiv:1907.05047},
  year={2019}
}

@inproceedings{qi2022yolo5face,
  title={YOLO5Face: Why reinventing a face detector},
  author={Qi, Delong and Tan, Weijun and Yao, Qi and Liu, Jingfeng},
  booktitle={European Conference on Computer Vision},
  pages={228--244},
  year={2022},
  organization={Springer}
}

@inproceedings{yang2016wider,
Author = {Yang, Shuo and Luo, Ping and Loy, Chen Change and Tang, Xiaoou},
Booktitle = {IEEE Conference on Computer Vision and Pattern Recognition (CVPR)},
Title = {WIDER FACE: A Face Detection Benchmark},
Year = {2016}
}

@article{yang2002detecting,
  title={Detecting faces in images: A survey},
  author={Yang, Ming-Hsuan and Kriegman, David J and Ahuja, Narendra},
  journal={IEEE Transactions on pattern analysis and machine intelligence},
  volume={24},
  number={1},
  pages={34--58},
  year={2002},
  publisher={IEEE}
}

@article{feng2021detect,
  title={Detect faces efficiently: A survey and evaluations},
  author={Feng, Yuantao and Yu, Shiqi and Peng, Hanyang and Li, Yan-Ran and Zhang, Jianguo},
  journal={IEEE Transactions on Biometrics, Behavior, and Identity Science},
  volume={4},
  number={1},
  pages={1--18},
  year={2021},
  publisher={IEEE}
}